<?xml version="1.0" encoding="UTF-8"?><collection xmlns="http://www.loc.gov/MARC21/slim"><record><leader>00626nam--2200193-i-4500</leader><controlfield tag="001">000014821</controlfield><controlfield tag="002">20161230</controlfield><controlfield tag="005">20161230201031</controlfield><controlfield tag="008">060222s1000------------r-----000-0-rum-d</controlfield><datafield ind1=" " ind2=" " tag="040"><subfield code="a">IFIN-HH</subfield></datafield><datafield ind1=" " ind2=" " tag="041"><subfield code="a">rum</subfield></datafield><datafield ind1=" " ind2=" " tag="080"><subfield code="a">517.958(076.1):51-73(076.1)</subfield></datafield><datafield ind1="1" ind2=" " tag="100"><subfield code="a">Vladimirov,V.S</subfield></datafield><datafield ind1="1" ind2="0" tag="245"><subfield code="a">Culegere de probleme de ecuatii fizicii matematice. sub redactia lui</subfield><subfield code="c">V.s. vladimirov</subfield></datafield><datafield ind1=" " ind2=" " tag="260"><subfield code="a">Bucuresti</subfield><subfield code="b">Editura Stiintifica Si Enciclopedica</subfield><subfield code="c">1981</subfield></datafield><datafield ind1=" " ind2=" " tag="300"><subfield code="a">325P</subfield></datafield><datafield ind1=" " ind2=" " tag="500"><subfield code="a">Titlul Original In Limba Rusa: Sbornik Zadaci Po Upravneiam Matematiceskoi Fiziki</subfield></datafield><datafield ind1=" " ind2=" " tag="852"><subfield code="a">49288</subfield><subfield code="c">53.02</subfield></datafield><datafield ind1=" " ind2=" " tag="CAT"><subfield code="a">Sys</subfield><subfield code="c">20151021</subfield><subfield code="h">141425</subfield></datafield></record></collection>